@Article{chorin,
	title = "Numerical Solution of the Navier-Stokes Equations*",
	author = "Alexandre Joel Chorin",
	journal = "Math. Comp.",
	pages = "745-762",
	volume = "22",
	year = "1968",
	doi = "10.1090/S0025-5718-1968-0242392-2"
}

@Article{article:marching_cubes_original,
    title = "Marching Cubes: A high resolution 3D surface construction algorithm",
    author = "W.E. Lorensen, H.E. Cline",
    journal = "Computer Graphics",
    pages = "163-169",
    volume = "21",
    year = "1987",
    doi = "10.1090/S0025-5718-1968-0242392-2"
}

@book{book:fluid_history,
    author    = "J.D. Anderson, Jr",
    title     = "A History of Aerodynamics",
    publisher = "Cambridge University Press",
    year      = "1997"
}

@book{book:kepler,
    author    = "G.J. Holton, S.G. Brush",
    title     = "Physics, the Human Adventure: From Copernicus to Einstein and Beyond",
    publisher = "Oxford engineering science series",
    %volume   = "",
    %number   = "",
    %series   = "",
    %address  = "",
    %edition  = "",
    year      = "1976",
    %month    = "",
    %note     = "",
    url		  = "http://en.wikipedia.org/wiki/Kepler's_laws_of_planetary_motion"
}

@book{book:micro_and_nano,
    author    = "G. Karniadakis, A. Beskok, N. Aluru",
    title     = "Microflows and Nanoflows - Fundamentals and Simulation",
    publisher = "Springer",
    %volume   = "",
    %number   = "",
    %series   = "",
    %address  = "",
    %edition  = "",
    year      = "2004",
    %month    = "",
    %note     = ""
}

@book{book:generell_fysikk_2,
    author    = "E. Lillestøl, O. Hunderi, J.R. Lien",
    title     = "Generell fysikk - varmelære og elektromagnetisme",
    publisher = "Universitetsforlaget",
    %volume   = "",
    %number   = "",
    %series   = "",
    %address  = "",
    %edition  = "",
    year      = "2006",
    %month    = "",
    %note     = ""
}

@book{book:statistical_mechanics_mc_quarrie,
    author    = "D.A. McQuarrie",
    title     = "Statistical Mechanics",
    publisher = "Harper \& Row",
    year      = "1976",
}

@book{bird,
    author    = "G. Bird",
    title     = "Molecular gas dynamics",
    publisher = "Oxford engineering science series",
    %volume   = "",
    %number   = "",
    %series   = "",
    %address  = "",
    %edition  = "",
    year      = "1976",
    %month    = "",
    %note     = "",
    url		  = "http://books.google.com/books?id=OAgpAQAAMAAJ"
}

@InBook{ viscous_fluid_flow,
	title = "Viscous Fluid Flow",
	author = "Frank M. White",
	publisher = "McGraw-Hill Education",
	chapter = "3 - Solutions of the Newtonian Viscous-Flow Equations",
	year = "2006"
}