% This file was created with JabRef 2.9.2.
% Encoding: US-ASCII

@ARTICLE{alexander1997direct,
  author = {Alexander, Francis J and Garcia, Alejandro L},
  title = {The direct simulation Monte Carlo method},
  journal = {Computers in Physics},
  year = {1997},
  volume = {11},
  pages = {588},
  number = {6}
}

@ARTICLE{alexander1998cell,
  author = {Alexander, Francis J and Garcia, Alejandro L and Alder, Berni J},
  title = {Cell size dependence of transport coefficients in stochastic particle
	algorithms},
  journal = {Physics of Fluids},
  year = {1998},
  volume = {10},
  pages = {1540}
}

@BOOK{allen1989computer,
  title = {Computer simulation of liquids},
  publisher = {Oxford university press},
  year = {1989},
  author = {Allen, Michael P and Tildesley, Dominic J}
}

@BOOK{anderson1998history,
  title = {A history of aerodynamics: and its impact on flying machines},
  publisher = {Cambridge University Press},
  year = {1998},
  author = {Anderson, John David},
  volume = {8}
}

@BOOK{batchelor2000introduction,
  title = {An introduction to fluid dynamics},
  publisher = {Cambridge university press},
  year = {2000},
  author = {Batchelor, George Keith}
}

@ARTICLE{carman1937fluid,
  author = {Carman, PC},
  title = {Fluid flow through granular beds},
  journal = {Transactions-Institution of Chemical Engineeres},
  year = {1937},
  volume = {15},
  pages = {150--166}
}

@ARTICLE{cercignani1971kinetic,
  author = {Cercignani, Carlo and Lampis, Maria},
  title = {Kinetic models for gas-surface interactions},
  journal = {Transport Theory and Statistical Physics},
  year = {1971},
  volume = {1},
  pages = {101--114},
  number = {2},
  publisher = {Taylor \& Francis}
}

@ARTICLE{civan2010effective,
  author = {Civan, Faruk},
  title = {Effective correlation of apparent gas permeability in tight porous
	media},
  journal = {Transport in porous media},
  year = {2010},
  volume = {82},
  pages = {375--384},
  number = {2},
  publisher = {Springer}
}

@ARTICLE{cowling1974cercignani,
  author = {Cowling, TG},
  title = {On the Cercignani-Lampis formula for gas-surface interactions},
  journal = {Journal of Physics D: Applied Physics},
  year = {1974},
  volume = {7},
  pages = {781},
  number = {6},
  publisher = {IOP Publishing}
}

@ARTICLE{darabi2012gas,
  author = {Darabi, Hamed and Ettehad, A and Javadpour, F and Sepehrnoori, K},
  title = {Gas flow in ultra-tight shale strata},
  journal = {Journal of Fluid Mechanics},
  year = {2012},
  volume = {710},
  pages = {641},
  publisher = {Cambridge Univ Press}
}

@ARTICLE{day1990no,
  author = {Day, Michael A},
  title = {The no-slip condition of fluid dynamics},
  journal = {Erkenntnis},
  year = {1990},
  volume = {33},
  pages = {285--296},
  number = {3},
  publisher = {Springer}
}

@BOOK{frenkel2001understanding,
  title = {Understanding molecular simulation: from algorithms to applications},
  publisher = {Access Online via Elsevier},
  year = {2001},
  author = {Frenkel, Daan and Smit, Berend}
}

@ARTICLE{friendly2001milestones,
  author = {Friendly, Michael and Denis, Daniel J},
  title = {Milestones in the history of thematic cartography, statistical graphics,
	and data visualization},
  journal = {Retrieved},
  year = {2001},
  volume = {5},
  pages = {2011},
  number = {11}
}

@BOOK{garcia2000numerical,
  title = {Numerical methods for physics},
  publisher = {Prentice Hall Englewood Cliffs},
  year = {2000},
  author = {Garcia, Alejandro L.}
}

@ARTICLE{garcia1998generation,
  author = {Garcia, Alejandro L and Alder, Berni J},
  title = {Generation of the Chapman--Enskog distribution},
  journal = {Journal of Computational Physics},
  year = {1998},
  volume = {140},
  pages = {66--70},
  number = {1},
  publisher = {Elsevier}
}

@INPROCEEDINGS{garcia1997direct,
  author = {Garcia, Alejandro L and Baras, Florence},
  title = {Direct simulation Monte Carlo: Novel applications and new extensions},
  booktitle = {Proceedings of the 3rd Workshop on Modelling of Chemical Reaction
	Systems, Heidelberg},
  year = {1997}
}

@ARTICLE{hadjiconstantinou2000analysis,
  author = {Hadjiconstantinou, Nicolas G},
  title = {Analysis of discretization in the direct simulation Monte Carlo},
  journal = {Physics of Fluids},
  year = {2000},
  volume = {12},
  pages = {2634}
}

@ARTICLE{javadpour2009nanopores,
  author = {Javadpour, F},
  title = {Nanopores and apparent permeability of gas flow in mudrocks (shales
	and siltstone)},
  journal = {Journal of Canadian Petroleum Technology},
  year = {2009},
  volume = {48},
  pages = {16--21},
  number = {8},
  publisher = {Society of Petroleum Engineers}
}

@ARTICLE{kalarakis2012mesoscopic,
  author = {Kalarakis, AN and Michalis, VK and Skouras, ED and Burganos, VN},
  title = {Mesoscopic Simulation of Rarefied Flow in Narrow Channels and Porous
	Media},
  journal = {Transport in porous media},
  year = {2012},
  volume = {94},
  pages = {385--398},
  number = {1},
  publisher = {Springer}
}

@BOOK{karniadakis2005microflows,
  title = {Microflows and nanoflows},
  publisher = {Springer},
  year = {2005},
  author = {Karniadakis, George E and Be{\dh}sk{\`e}ok, Ali and Aluru, Narayana
	Rao and others},
  volume = {29}
}

@BOOK{kittel1996introduction,
  title = {Introduction to solid state physics},
  publisher = {Wiley New York},
  year = {1996},
  author = {Kittel, Charles and McEuen, Paul},
  volume = {7}
}

@ARTICLE{klinkenberg1941permeability,
  author = {Klinkenberg, LJ},
  title = {The permeability of porous media to liquids and gases},
  journal = {Drilling and production practice},
  year = {1941}
}

@ARTICLE{laine2011efficient,
  author = {Laine, Samuli and Karras, Tero},
  title = {Efficient sparse voxel octrees},
  journal = {Visualization and Computer Graphics, IEEE Transactions on},
  year = {2011},
  volume = {17},
  pages = {1048--1059},
  number = {8},
  publisher = {IEEE}
}

@BOOK{lien2001generell,
  title = {Generell fysikk for universiteter og h{\o}gskoler},
  publisher = {Universitetsforlaget},
  year = {2001},
  author = {Lien, Jan R and Lillest{\o}l, Egil and Hunderi, Ola and L{\o}vh{\o}iden,
	Gunnar}
}

@ARTICLE{lillestol2001generell,
  author = {Lillest{\o}l, Egil and Hunderi, Ola and Lien, Jan R},
  title = {Generell fysikk for universiteter og h{\o}gskoler},
  journal = {Bind},
  year = {2001},
  volume = {2},
  pages = {157}
}

@ARTICLE{maxwell1879stresses,
  author = {Maxwell, J Clerk},
  title = {On stresses in rarified gases arising from inequalities of temperature},
  journal = {Philosophical Transactions of the royal society of London},
  year = {1879},
  volume = {170},
  pages = {231--256},
  publisher = {The Royal Society}
}

@BOOK{mclennan1989introduction,
  title = {Introduction to nonequilibrium statistical mechanics},
  publisher = {Prentice Hall Englewood Cliffs},
  year = {1989},
  author = {McLennan, James A}
}

@BOOK{mcquarrie1973statistical,
  title = {Statistical thermodynamics},
  publisher = {Harper \& Row New York},
  year = {1973},
  author = {McQuarrie, Donald Allan and McQuarrie, Donald Allan and McQuarrie,
	Donald Allan and McQuarrie, Donald Allan}
}

@ARTICLE{morris1992slip,
  author = {Morris, David L and Hannon, Lawrence and Garcia, Alejandro L},
  title = {Slip length in a dilute gas},
  journal = {Physical review A},
  year = {1992},
  volume = {46},
  pages = {5279},
  number = {8},
  publisher = {APS}
}

@MISC{other:opengl_es_specification,
  author = {Munshi Aaftab, Leech Jon},
  title = {OpenGL ES Common Profile Specification Version 2.0.25 (Full Specification)},
  year = {2010},
  note = {File: \ttfamily{es_full_spec_2.0.25.pdf}},
  url = {http://www.khronos.org/registry/gles/specs/2.0/es_full_spec_2.0.25.pdf},
  urlseen = {18-03-14}
}

@ARTICLE{ohwada1989numerical,
  author = {Ohwada, Taku and Sone, Yoshio and Aoki, Kazuo},
  title = {Numerical analysis of the Poiseuille and thermal transpiration flows
	between two parallel plates on the basis of the Boltzmann equation
	for hard-sphere molecules},
  journal = {Physics of Fluids A: Fluid Dynamics},
  year = {1989},
  volume = {1},
  pages = {2042}
}

@ARTICLE{oran1998direct,
  author = {Oran, ES and Oh, CK and Cybyk, BZ},
  title = {DIRECT SIMULATION MONTE CARLO: Recent Advances and Applications 1},
  journal = {Annual Review of Fluid Mechanics},
  year = {1998},
  volume = {30},
  pages = {403--441},
  number = {1},
  publisher = {Annual Reviews 4139 El Camino Way, PO Box 10139, Palo Alto, CA 94303-0139,
	USA}
}

@BOOK{ravndal2008statmech,
  title = {Statistical Physics - a second course},
  year = {2014},
  author = {Ravndal, Finn and Flekkoy, Eirik Grude}
}

@ARTICLE{uribe1999burnett,
  author = {Uribe, FJ and Garcia, Alejandro L},
  title = {Burnett description for plane Poiseuille flow},
  journal = {Physical Review E},
  year = {1999},
  volume = {60},
  pages = {4063},
  number = {4},
  publisher = {APS}
}

@ARTICLE{van2001reaxff,
  author = {Van Duin, Adri CT and Dasgupta, Siddharth and Lorant, Francois and
	Goddard, William A},
  title = {ReaxFF: a reactive force field for hydrocarbons},
  journal = {The Journal of Physical Chemistry A},
  year = {2001},
  volume = {105},
  pages = {9396--9409},
  number = {41},
  publisher = {ACS Publications}
}

@ARTICLE{verlet1967computer,
  author = {Verlet, Loup},
  title = {Computer" experiments" on classical fluids. I. Thermodynamical properties
	of Lennard-Jones molecules},
  journal = {Physical review},
  year = {1967},
  volume = {159},
  pages = {98},
  number = {1},
  publisher = {APS}
}

@ARTICLE{wagner1992convergence,
  author = {Wagner, Wolfgang},
  title = {A convergence proof for Bird's direct simulation Monte Carlo method
	for the Boltzmann equation},
  journal = {Journal of Statistical Physics},
  year = {1992},
  volume = {66},
  pages = {1011--1044},
  number = {3-4},
  publisher = {Springer}
}

@ARTICLE{wu2001analysis,
  author = {Wu, J-S and Tseng, K-C},
  title = {Analysis of micro-scale gas flows with pressure boundaries using
	direct simulation Monte Carlo method},
  journal = {Computers \& fluids},
  year = {2001},
  volume = {30},
  pages = {711--735},
  number = {6},
  publisher = {Elsevier}
}

@ARTICLE{zheng2002comparison,
  author = {Zheng, Yihao and Garcia, Alejandro L and Alder, Berni J},
  title = {Comparison of kinetic theory and hydrodynamics for Poiseuille flow},
  journal = {Journal of statistical physics},
  year = {2002},
  volume = {109},
  pages = {495--505},
  number = {3-4},
  publisher = {Springer}
}

@ARTICLE{ziarani2012knudsen,
  author = {Ziarani, Ali S and Aguilera, Roberto},
  title = {Knudsen?s permeability correction for tight porous media},
  journal = {Transport in porous media},
  year = {2012},
  volume = {91},
  pages = {239--260},
  number = {1},
  publisher = {Springer}
}

